@Article{BDHistory,
author = {Gil Press},
title = {A Very Short History Of Big Data},
journal = {Forbes},
year = {9 mai 2013},
}

@article{ridgeway2018policing,
title={Policing in the era of big data},
author={Ridgeway, Greg},
journal={Annual review of criminology},
volume={1},
year={2018},
publisher={Annual Reviews}
}

@misc{1Minute,
author = {Julien Lepoix},
title = {Que sepasse-t-il en une minute sur internet en 2021 ?},
year = {Septembre 2020},
howpublished={\url{https://selectra.info/telecom/actualites/acteurs/que-se-passe-t-il-une-minute-internet-2020}}
}

@misc{Def1,
author = {La rédaction de Futura},
title = {Big data : qu'est-ce que c'est ?},
year = {Aout 2020},
howpublished={\url{https://www.futura-sciences.com/tech/definitions/informatique-big-data-15028/}}
}

@misc{Def2,
author = {MongoDb},
title = {Le Big Data expliqué},
year = {Juin 2020},
howpublished={\url{https://www.mongodb.com/fr-fr/big-data-explained}}
}


@misc{Def3,
author = {Google Cloud},
title = {Le Big Data expliqué},
year = {Juillet 2020},
howpublished={\url{https://cloud.google.com/what-is-big-data}}
}

@misc{lebigdata.fr,
author = {Bastien L},
title = {Netflix et Uber : 2 exemples d’utilisation magistrale du Big Data},
year = {Octobre 2018},
howpublished={\url{https://www.lebigdata.fr/netflix-uber-big-data-0409}}
}

@misc{DataScientest,
author = {Bastien L},
title = {Big Data : définition, technologies, utilisations, formations},
year = {Janvier 2021},
howpublished={\url{https://datascientest.com/big-data-tout-savoir}}
}

%TIIIIIIIIIIIIINNNNNNNNNNAAAA
%BIG DATA
@online{noauthor_les_2016,
	title = {Les 4 sources du Big Data},
	url = {https://www.communication-web.net/2016/03/07/les-4-sources-du-big-data/},
	abstract = {Pour piloter son activité, l’entreprise doit enrichir ses données avec celles du Big Data. Tour d’horizon des sources d’information sur lesquelles s’appuyer.},
	titleaddon = {Le blog de la Communication digitale},
	urldate = {2021-11-21},
	date = {2016-03-07},
	langid = {french},
	file = {Snapshot:C\:\\Users\\tinab\\Zotero\\storage\\DMXD2A4M\\les-4-sources-du-big-data.html:text/html},
}

@online{firican_10_nodate,
	title = {The 10 Vs of Big Data},
	url = {https://tdwi.org/articles/2017/02/08/10-vs-of-big-data.aspx},
	abstract = {Big data goes beyond volume, variety, and velocity alone.  You need to know these 10 characteristics and properties of big data to prepare for both the challenges and advantages of big data initiatives.},
	titleaddon = {Transforming Data with Intelligence},
	author = {Firican, By George and February 8, 2017},
	urldate = {2021-11-21},
	file = {Snapshot:C\:\\Users\\tinab\\Zotero\\storage\\8TGKNK54\\10-vs-of-big-data.html:text/html},
}

@online{noauthor_les_2019,
	title = {Les nouveaux enjeux du Big Data},
	url = {https://www.fuveau.fr/les-nouveaux-enjeux-du-big-data/},
	abstract = {Le Big data semble incontournable aujourd’hui pour le progrès d’une entreprise. En effet, il permet de regrouper un nombre important de données qui permettra à une entreprise de mieux comprendre le comportement des clients.},
	titleaddon = {Fuveau},
	urldate = {2021-11-21},
	date = {2019-12-10},
	langid = {french},
	file = {Snapshot:C\:\\Users\\tinab\\Zotero\\storage\\YCZMCEGR\\les-nouveaux-enjeux-du-big-data.html:text/html},
}

@online{jvc_les_2020,
	title = {Les 8 métiers porteurs du Big Data en 2021-2022},
	url = {https://www.data-transitionnumerique.com/les-7-metiers-porteurs-du-big-data-en-2019-2020/},
	abstract = {les 7 métiers du Big Data les plus demandés par les entreprises en 2019 et les tendances pour 2020 sont les suivants : le Data Engineer, le {DevOps}/Cloud, l'administrateur/integrateur Big Data, l'architecte Big Data, le},
	titleaddon = {Data Transition Numérique},
	author = {{JVC}, Juvénal},
	urldate = {2021-11-21},
	date = {2020-09-14},
	langid = {french},
	file = {Snapshot:C\:\\Users\\tinab\\Zotero\\storage\\F9CAWNQY\\les-7-metiers-porteurs-du-big-data-en-2019-2020.html:text/html},
}
%IOT
@online{noauthor_recette_2017,
	title = {La recette de l’objet connecté},
	url = {https://www.qowisio.com/la-recette-de-lobjet-connecte/},
	abstract = {{COMPRENDRE} l’{INTERNET} {DES} {OBJETS} (1/3) Lorsqu’on n’est pas un « geek », ou technophile, l’Internet des objets peut sembler inaccessible, complexe et...},
	titleaddon = {Qowisio},
	urldate = {2021-11-21},
	date = {2017-03-16},
	langid = {french},
	note = {Section: Blog},
	file = {Snapshot:C\:\\Users\\tinab\\Zotero\\storage\\R3XN4TCH\\la-recette-de-lobjet-connecte.html:text/html},
}

@online{noauthor_comment_nodate,
	title = {Comment se compose un système {IoT} ?},
	url = {https://www.connectwave.fr/techno-appli-iot/iot/reseaux-et-infrastructures-iot/},
	abstract = {Un système {IoT} réunit de nombreux acteurs et composants technologiques : de l'objet connecté jusqu'à l'application ou au service.},
	titleaddon = {Connectwave},
	urldate = {2021-11-21},
	langid = {french},
	file = {Snapshot:C\:\\Users\\tinab\\Zotero\\storage\\8ISNL7KP\\reseaux-et-infrastructures-iot.html:text/html},
}

@online{noauthor_quest-ce_nodate-1,
	title = {Qu'est-ce que l'Internet des objets ({IoT}) ?},
	url = {https://www.avast.com/fr-fr/c-what-is-the-internet-of-things},
	abstract = {Un foyer moyen aura bientôt 500 appareils intelligents sur Internet !\&nbsp;Découvrez l'Internet des objets, son fonctionnement et en quoi il peut changer votre vie.},
	titleaddon = {Qu'est-ce que l'Internet des objets ({IoT}) ?},
	urldate = {2021-11-21},
	langid = {french},
	file = {Snapshot:C\:\\Users\\tinab\\Zotero\\storage\\5V63Z7JA\\c-what-is-the-internet-of-things.html:text/html},
}
@online{futura_definition_nodate,
	title = {Définition {\textbar} Internet des objets - {IdO} - Internet of things - {IOT} {\textbar} Futura Tech},
	url = {https://www.futura-sciences.com/tech/definitions/internet-internet-objets-15158/},
	abstract = {Définition de L'internet des objets : Selon l’Union internationale des télécommunications, l’Internet des objets ({IdO}) est une « infrastructure mondiale pour la société de l'information, qui...},
	titleaddon = {Futura},
	author = {Futura},
	urldate = {2021-11-21},
	langid = {french},
	note = {Section: Internet},
	file = {Snapshot:C\:\\Users\\tinab\\Zotero\\storage\\PSHCHC5N\\internet-internet-objets-15158.html:text/html},
}

%CLOUD COMPUTING
@online{noauthor_quest-ce_nodate-2,
	title = {Qu'est-ce que le cloud computing ? Guide du débutant {\textbar} Microsoft Azure},
	url = {https://azure.microsoft.com/fr-fr/overview/what-is-cloud-computing/},
	shorttitle = {Qu'est-ce que le cloud computing ?},
	abstract = {Qu’est-ce que le cloud computing et comment fonctionne-t-il ? Découvrez les avantages du cloud computing. Découvrez comment utiliser les services de cloud computing au quotidien.},
	urldate = {2021-11-21},
	langid = {french},
	file = {Snapshot:C\:\\Users\\tinab\\Zotero\\storage\\3LPP8MIL\\what-is-cloud-computing.html:text/html},
}

%NOSQL
@article{noauthor_adoption_nodate,
	title = {Adoption d’une solution {NoSQL} dans l’entreprise},
	pages = {68},
	langid = {french},
	file = {Adoption d’une solution NoSQL dans l’entreprise.pdf:C\:\\Users\\tinab\\Zotero\\storage\\VEQENBWI\\Adoption d’une solution NoSQL dans l’entreprise.pdf:application/pdf},
}
@online{noauthor_base_2021,
	title = {base de données {NoSQL}: quelles sont ses caractéristiques ?},
	url = {https://pandorafms.com/blog/fr/base-de-donnees-nosql/},
	shorttitle = {base de données {NoSQL}},
	abstract = {Que fait {NoSQL} différent?, avantages et inconvénients, types de stockage d’entrepôts de données {NoSQL}, systèmes de gestion de bases de données {NoSQL}},
	titleaddon = {Pandora {FMS} Monitoring Blog},
	urldate = {2021-11-21},
	date = {2021-03-03},
	langid = {french},
}
@online{noauthor_sql_2017,
	title = {{SQL} vs le {NoSQL} - Les Différences des bases de données},
	url = {https://www.veeam.com/blog/fr/sql-vers-le-nosql.html},
	abstract = {Apprenez la différence entre les bases de données {SQL} et {SQL}, et comment comprendre ce qu'il faut choisir.},
	titleaddon = {Blog officiel Veeam — Nouveautés sur les technologies de virtualisation},
	urldate = {2021-11-21},
	date = {2017-08-04},
	langid = {french},
	file = {Snapshot:C\:\\Users\\tinab\\Zotero\\storage\\BP7IKM8J\\sql-vers-le-nosql.html:text/html},
}
@online{cano_base_2019,
	title = {Base de données {NoSQL}: quelles sont ses caractéristiques?},
	url = {https://pandorafms.com/blog/fr/bases-de-donnees-nosql/},
	shorttitle = {Base de données {NoSQL}},
	abstract = {Que fait {NoSQL} différent? Avantages et inconvénients, types de stockage d’entrepôts de données {NoSQL}, systèmes de gestion de bases de données {NoSQL}.},
	titleaddon = {Pandora {FMS} Monitoring Blog},
	author = {Cano, Laura},
	urldate = {2021-11-21},
	date = {2019-06-25},
	langid = {french},
	file = {Snapshot:C\:\\Users\\tinab\\Zotero\\storage\\Q2QCURVI\\bases-de-donnees-nosql.html:text/html},
}


%CASSANDRA
@online{noauthor_base_nodate,
	title = {Une base {NoSQL}: Cassandra - Présentation},
	url = {http://igm.univ-mlv.fr/~dr/XPOSE2010/Cassandra/cassandra.html#3},
	urldate = {2021-11-21},
}

%SMART GRID
@online{noauthor_smart_2010,
	title = {Smart grids (réseaux intelligents) : définition, applications et enjeux},
	url = {https://www.connaissancedesenergies.org/fiche-pedagogique/reseau-intelligent-smart-grid},
	shorttitle = {Smart grids (réseaux intelligents)},
	abstract = {Les réseaux intelligents ou « smart grids » sont des réseaux d’électricité qui, grâce à des technologies informatiques, ajustent les flux d’électricité entre fournisseurs et consommateurs. Explications.},
	urldate = {2021-11-21},
	date = {2010-07-14},
	langid = {french},
	file = {Snapshot:C\:\\Users\\tinab\\Zotero\\storage\\V8CGL72B\\reseau-intelligent-smart-grid.html:text/html},
}

@online{noauthor_compteur_nodate,
	title = {Compteur intelligent : définition, usage et prix - Ooreka},
	url = {//installation-electrique.ooreka.fr/astuce/voir/536049/compteur-communicant},
	shorttitle = {Compteur intelligent},
	abstract = {Un compteur intelligent est une nouvelle génération de compteur gaz et électricité, qui déjà est en cours d'installation dans certaines régions de la France. Du fait que cet appareil communique directement la consommation d'énergie au distributeur, l'inst},
	titleaddon = {Ooreka.fr},
	urldate = {2021-11-21},
	langid = {french},
	file = {Snapshot:C\:\\Users\\tinab\\Zotero\\storage\\B76A4HZL\\compteur-communicant.html:text/html},
}
@online{hafiane_sonelgaz_nodate,
	title = {Sonelgaz prépare le lancement d'un compteur électrique intelligent "made in Algeria"},
	url = {https://www.aps.dz/economie/101444-sonelgaz-prepare-le-lancement-d-un-compteur-electrique-intelligent-made-in-algeria},
	abstract = {{ALGER}- Le groupe Sonelgaz prépare le lancement, dès l\&\#39;année prochaine, d\&\#39;un compteur électrique \&\#34;intelligent\&\#34; conçu et fabriqué locale...},
	author = {Hafiane, Badra},
	urldate = {2021-11-21},
	langid = {french},
}

@online{noauthor_sonelgaz_nodate,
	title = {Sonelgaz},
	url = {https://www.sonelgaz.dz/fr/category/qui-sommes-nous},
	urldate = {2021-11-21},
	file = {Sonelgaz:C\:\\Users\\tinab\\Zotero\\storage\\PX4DND5L\\qui-sommes-nous.html:text/html},
}

%OUTILS TECHNO
@online{noauthor_install_2020,
	title = {Install Cassandra on Windows 10: Tutorial With Simple Steps},
	url = {https://phoenixnap.com/kb/install-cassandra-on-windows},
	shorttitle = {Install Cassandra on Windows 10},
	abstract = {Tutorial is jam-packed with screenshots for each step of Cassandra installation on Windows 10. In this ultimate resource, Learn how to download, set up, and install Cassandra on Windows.},
	titleaddon = {Knowledge Base by {phoenixNAP}},
	urldate = {2021-11-21},
	date = {2020-06-08},
	langid = {american},
	file = {Snapshot:C\:\\Users\\tinab\\Zotero\\storage\\VTHUSCLI\\install-cassandra-on-windows.html:text/html},
}
@online{noauthor_definition_nodate,
	title = {Définition de Node.js, en quoi consiste {NodeJS} ?},
	url = {https://www.pappleweb.com/index/definition-de-nodejs/},
	abstract = {Node.js est une plateforme qui a été développée à partir du moteur Javascript V8 de Chrome. Apprenez-en plus avec cette définition de {NodeJS}},
	titleaddon = {Agence web Annecy, création site internet, référencement digitale},
	urldate = {2021-11-21},
	langid = {french},
	file = {Snapshot:C\:\\Users\\tinab\\Zotero\\storage\\ZBHFU93M\\definition-de-nodejs.html:text/html},
}

@online{benbrahim_express_2020,
	title = {Express {JS} : tout savoir du framework Node.{JS}},
	url = {https://practicalprogramming.fr/express-js},
	shorttitle = {Express {JS}},
	abstract = {Express {JS} est le framework Node le plus populaire pour la réalisation d'api ou d'app web. Découvrez Express {JS} et ses fonctionnalités.},
	titleaddon = {Practical Programming},
	author = {Benbrahim, Rayed},
	urldate = {2021-11-21},
	date = {2020-04-28},
	langid = {french},
	note = {Section: Programming},
	file = {Snapshot:C\:\\Users\\tinab\\Zotero\\storage\\PJ9GLS2L\\express-js.html:text/html},
}

@online{noauthor_vuejs_nodate,
	title = {Vue.{JS}, une définition en un clic},
	url = {https://www.zdnet.fr/lexique-it/vuejs-une-definition-39928683.htm},
	abstract = {Vue.{JS} est un des frameworks front-end {JS} les plus populaires, destiné à  pour créer les interfaces. Il utilise deux éléments clés : le data binding et le {DOM}.},
	titleaddon = {{ZDNet} France},
	urldate = {2021-11-21},
	langid = {french},
	file = {Snapshot:C\:\\Users\\tinab\\Zotero\\storage\\PBV5MBH6\\vuejs-une-definition-39928683.html:text/html},
}

@online{noauthor_quest-ce_nodate,
	title = {Qu'est-ce que le {JavaScript} ? - Apprendre le développement web {\textbar} {MDN}},
	url = {https://developer.mozilla.org/fr/docs/Learn/JavaScript/First_steps/What_is_JavaScript},
	shorttitle = {Qu'est-ce que le {JavaScript} ?},
	abstract = {Bienvenue dans le cours {JavaScript} pour débutants sur le {MDN}. Dans ce premier article nous donnons une description générale de {JavaScript} en présentant le « pourquoi » et le « comment » du {JavaScript}. L'objectif est que vous compreniez bien son but.},
	urldate = {2021-11-21},
	langid = {american},
	file = {Snapshot:C\:\\Users\\tinab\\Zotero\\storage\\KDPT6N6A\\What_is_JavaScript.html:text/html},
}

