@Article{BDHistory,
author = {Gil Press},
title = {A Very Short History Of Big Data},
journal = {Forbes},
year = {9 mai 2013},
}

@article{ridgeway2018policing,
title={Policing in the era of big data},
author={Ridgeway, Greg},
journal={Annual review of criminology},
volume={1},
year={2018},
publisher={Annual Reviews}
}

@misc{1Minute,
author = {Julien Lepoix},
title = {Que sepasse-t-il en une minute sur internet en 2021 ?},
year = {Septembre 2020},
howpublished={\url{https://selectra.info/telecom/actualites/acteurs/que-se-passe-t-il-une-minute-internet-2020}}
}

@misc{Def1,
author = {La rédaction de Futura},
title = {Big data : qu'est-ce que c'est ?},
year = {Aout 2020},
howpublished={\url{https://www.futura-sciences.com/tech/definitions/informatique-big-data-15028/}}
}

@misc{Def2,
author = {MongoDb},
title = {Le Big Data expliqué},
year = {Juin 2020},
howpublished={\url{https://www.mongodb.com/fr-fr/big-data-explained}}
}


@misc{Def3,
author = {Google Cloud},
title = {Le Big Data expliqué},
year = {Juillet 2020},
howpublished={\url{https://cloud.google.com/what-is-big-data}}
}

@misc{lebigdata.fr,
author = {Bastien L},
title = {Netflix et Uber : 2 exemples d’utilisation magistrale du Big Data},
year = {Octobre 2018},
howpublished={\url{https://www.lebigdata.fr/netflix-uber-big-data-0409}}
}

@misc{DataScientest,
author = {Bastien L},
title = {Big Data : définition, technologies, utilisations, formations},
year = {Janvier 2021},
howpublished={\url{https://datascientest.com/big-data-tout-savoir}}
}






