@thesis{Mémoire,
author = {Madjid BOUZOURENE},
title = {Mise en place d'un modèle de cohérence orienté Data-centric dans un environnement cloud},
type = {thesis},
institution = {Université Mouloud Mammeri de Tizi-Ouzou},
year = {2020},
}
